@article{adam2021,
  title = {Measurements of {{$W$}} and {{$Z/\gamma^*$}} cross sections and their ratios in {{$p + p$}} collisions at {{RHIC}}},
  author = {Adam, J. and others},
  year = {2021},
  month = jan,
  journal = {Phys. Rev. D},
  volume = {103},
  number = {1},
  eprint = {2011.04708},
  primaryclass = {nucl-ex},
  pages = {012001},
  issn = {2470-0010, 2470-0029},
  doi = {10.1103/PhysRevD.103.012001},
  url = {https://link.aps.org/doi/10.1103/PhysRevD.103.012001},
  urldate = {2024-01-01},
  archiveprefix = {arxiv},
  collaboration = {STAR Collaboration},
  langid = {english}
}

@article{alberg2022,
  title = {Pions in Proton Structure and Everywhere Else},
  author = {Alberg, Mary and Ehinger, Lucas and Miller, Gerald A.},
  year = {2022},
  month = jun,
  journal = {Phys. Rev. D},
  volume = {105},
  number = {11},
  eprint = {2108.12439},
  primaryclass = {nucl-th},
  pages = {114054},
  publisher = {{American Physical Society}},
  doi = {10.1103/PhysRevD.105.114054},
  url = {https://link.aps.org/doi/10.1103/PhysRevD.105.114054},
  urldate = {2022-10-20},
  archiveprefix = {arxiv}
}

@article{dove2021,
  title = {The Asymmetry of Antimatter in the Proton},
  author = {Dove, J. and others},
  year = {2021},
  month = feb,
  journal = {Nature},
  volume = {590},
  number = {7847},
  eprint = {2103.04024},
  primaryclass = {hep-ph},
  pages = {561--565},
  publisher = {{Nature Publishing Group}},
  issn = {1476-4687},
  doi = {10.1038/s41586-021-03282-z},
  url = {https://www.nature.com/articles/s41586-021-03282-z},
  urldate = {2021-07-20},
  archiveprefix = {arxiv},
  collaboration = {E906 Collaboration},
  langid = {english},
  note = {[Publisher's correction: Nature 604, E26 (2022)]}
}

@article{dove2023,
  title = {Measurement of flavor asymmetry of light-quark sea in the proton with {{Drell-Yan}} dimuon production in {$p+p$} and {$p+d$} collisions at 120 {{GeV}}},
  author = {Dove, J. and others},
  year = {2023},
  month = sep,
  journal = {Phys. Rev. C},
  volume = {108},
  number = {3},
  eprint = {2212.12160},
  primaryclass = {hep-ph},
  pages = {035202},
  doi = {10.1103/PhysRevC.108.035202},
  url = {https://link.aps.org/doi/10.1103/PhysRevC.108.035202},
  urldate = {2023-08-11},
  archiveprefix = {arxiv},
  collaboration = {E906 Collaboration}
}

@article{hou2021,
  title = {New {{CTEQ}} Global Analysis of Quantum Chromodynamics with High-Precision Data from the {{LHC}}},
  author = {Hou, Tie-Jiun and others},
  year = {2021},
  month = jan,
  journal = {Phys. Rev. D},
  volume = {103},
  number = {1},
  eprint = {1912.10053},
  primaryclass = {hep-ph},
  pages = {014013},
  publisher = {{American Physical Society}},
  doi = {10.1103/PhysRevD.103.014013},
  url = {https://link.aps.org/doi/10.1103/PhysRevD.103.014013},
  archiveprefix = {arxiv}
}

@article{soffer2019,
  title = {On the Flavor Structure of the Light-Quark Sea Distributions},
  author = {Soffer, Jacques and Bourrely, Claude},
  year = {2019},
  month = nov,
  journal = {Nucl. Phys. A},
  volume = {991},
  pages = {121607},
  issn = {03759474},
  doi = {10.1016/j.nuclphysa.2019.08.001},
  url = {https://linkinghub.elsevier.com/retrieve/pii/S0375947419301757},
  urldate = {2023-03-02},
  langid = {english}
}

@article{towell2001,
  title = {Improved measurement of the {{$\bar{d}/\bar{u}$}} asymmetry in the nucleon sea},
  author = {Towell, R. S. and others},
  year = {2001},
  month = aug,
  journal = {Phys. Rev. D},
  volume = {64},
  number = {5},
  eprint = {hep-ex/0103030},
  pages = {052002},
  publisher = {American Physical Society},
  doi = {10.1103/PhysRevD.64.052002},
  url = {https://link.aps.org/doi/10.1103/PhysRevD.64.052002},
  archiveprefix = {arxiv},
  collaboration = {FNAL E866/NuSea Collaboration}
}
